%%%%%%%%%%%%%%%%%%%%%%%%%%%%%%%%%%%%%%%%%%%%%%%%%%%%%%%%%%%%%%%%%%%%%%%%%%%
% You will put your bibliography in this file, use "online" for web
%%%%%%%%%%%%%%%%%%%%%%%%%%%%%%%%%%%%%%%%%%%%%%%%%%%%%%%%%%%%%%%%%%%%%%%%%%%
@online{web001,
    title = {Robot Locomotionand Kinematics},
    url = {http://users.umiacs.umd.edu/~fer/cmsc828/classes/cse390-05-02.pdf},
}

@online{web002,
    title = {Arduino Serial},
    url = {https://www.arduino.cc/en/pmwiki.php?n=Reference/Serial},
}

@online{web003,
    title = {DC Motor Driver Circuit},
    url = {https://www.mepits.com/tutorial/379/electrical/motor-driver},
}

@online{web004,
    title = {Calibration},
    url = {https://whatis.techtarget.com/definition/calibration},
}

@online{web006,
    title = {raspberry},
    url = {https://medium.com/raspberry-pi-based-implementation-of-iot-using/what-is-raspberry-pi-79b1d825f2c7} ,
}

@online{web007,
    title = {Bennett, S. (1993). A History of Control Engineering 1930–1955. London: Peter Peregrinus Ltd.},
}

@online{web008,
    title = { 'GPS system with IMUs tracks first responders'} ,
}

@online{web009,
    title = { Global Positioning System Standard Positioning Service Performance Standard : 4th Edition, September 2008},
}

@online{web010,
    title = {Oxford English Dictionary. 2013. p. Entry for "lidar".},
}

@online{web011,
    title = {webcam},
    url = {https://www.techopedia.com/definition/5333/webcam} ,
}

@online{web012,
    title = {wildthumper},
    url = {http://www.dagurobot.com/educational_robot_6WD_wild_thumper_chassis?search=wild\%20thumper&category_id=1} ,
}

@online{web013,
    title = {motorDrivers},
    url = {https://www.mepits.com/tutorial/379/electrical/motor-driver} ,
}

@online{web014,
    title = {"Getting Started: FOUNDATION \> Introduction". arduino.cc.} ,}

@online{web015,
    title = {Measuring Performance of an
Order-to-Delivery Process,  A Study at Scania CV AB, Eritten by: Philip Sundström and Klara Tollmar, 2018, Supervisor: Daniel Tesfamariam Semere, Examiner: Andreas Archenti 
},}

@online{web016,
    title = {autonomousCars},
    url = {https://www.ucsusa.org/clean-vehicles/how-self-driving-cars-work} ,
}

@online{web017,
    title = {arduinoUno},
    url = {https://store.arduino.cc/usa/arduino-uno-rev3} ,
}

@online{web018,
    title = {raspberryPi3B},
    url = {https://www.raspberrypi.org/products/raspberry-pi-3-model-b/} ,
}

@online{web019,
    title = {adafruit},
    url = {https://www.adafruit.com/product/2472} ,
}


@online{web024,
    title = {ROSbots},
    url = {https://www.rosbots.com/},
}

@online{web025,
title = {Raspbian},
url = {https://www.raspbian.org/},
}


@online{web026,
title = {ROSKinetic},
url = {http://wiki.ros.org/kinetic},
}


@online{web027,
title = {Autonomous Delivery Solutions},
url = {https://medium.com/eliport/the-top-ten-autonomous-delivery-solutions-of-2018-5cfe4e0c90a5},
}


@online{web028,
title = {History of Autonomous Delivery},
url = {https://www.wired.com/brandlab/2016/03/a-brief-history-of-autonomous-vehicle-technology/},
}

@online{web029,
title = {Use of Self-driving Car},
url = {https://www.techradar.com/news/self-driving-cars},
}


@online{web030,
title = { "Waymo launches its first commercial self-driving car service". Engadget. Retrieved 5 December 2018.},
}

@online{web031,
title = {Door Dash},
url = {https://www.businessinsider.com/doordash-delivery-self-driving-cars-general-motors-2019-1},
}


@online{web032,
title = {Olli self-driving Car},
url = {https://localmotors.com/press-release/meet-olli-the-self-driving-cognitive-shuttle/},
}

@online{web034,
title = {Sensor Fusion},
url = {https://www.kionix.com/sensor-fusion},}


@online{web035,
title = {Sensor Fusion. Paper name: A Generalized Extended Kalman Filter Implementation for the Robot Operating System. Authors: Thomas Moore, Daniel Stouch.},}


@online{web036,
title = {robot\_pos\_ekf Package},
url = {http://wiki.ros.org/robot_pose_ekf},}


@online{web037,
title = {GPS message},
url = {http://wiki.ros.org/robot_pose_ekf/Tutorials/AddingGpsSensor},}

@online{web038,
title = { Fakhrul Razi Ahmad, Zakuan; et al. (2018). "Performance Assessment of an Integrated Radar Architecture for Multi-Types Frontal Object Detection for Autonomous Vehicle". 2018 IEEE International Conference on Automatic Control and Intelligent Systems (I2CACIS). Retrieved 9 January 2019.},
}

@online{classical_control,
title = {Conventional Control},
url = {https://www.sciencedirect.com/topics/engineering/classical-control},
}

@online{kalmanFilter,
title = {Kalman Filter},
url = {https://www.kalmanfilter.net/default.aspx},
}

@online{extendedKalmanFilter,
title = {Kalman and Extended Kalman Filters: title:
Concept, Derivation and Properties, Maria Isabel Ribeiro,
Institute for Systems and Robotics,
Instituto Superior Tecnico,
Av. Rovisco Pais, 1,
1049-001 Lisboa PORTUGAL,
{mir@isr.ist.utl.pt}, 
M. Isabel Ribeiro, 2004
},}


@online{JWT,
title = {JWT},
url = {https://jwt.io/introduction/},
}

@online{React-native,
title = {React-native},
url = {https://www.oreilly.com/library/view/learning-react-native/9781491929049/ch01.html},
}

@online{Stripe,
title = {"Inside Stripe, The PayPal Competitor Backed By PayPal Founders Peter Thiel, Elon Musk"},
}

@online{A-Star,
title = {A star},
url = {https://medium.com/@nicholas.w.swift/easy-a-star-pathfinding-7e6689c7f7b2)},
}
}

@online{web039,
title = {PLANNING ALGORITHMS, Steven M. LaValle, University of Illinois, Copyright Steven M. LaValle 2006},
}

@online{web040,
title = {ROS Introduction},
url = {https://scholar.uwindsor.ca/cgi/viewcontent.cgi?article=8279&context=etd},}

@online{stateEstimator,
title = {State Estimator. Paper name: Comparison of four state observer design algorithmsfor MIMO system. Authors: VINODH KUMA. E, JOVITHA JEROME and S. AYYAPPAN },}